%%%%%%%%%%%%%%%%%%%%%%%%%%%%%%%%%%%%%%%%%%%%%%%%%%%%%%%%%%%%%%%%%%%%%%%%%%%%%%%
% Quellen fürs Kolloquium
%%%%%%%%%%%%%%%%%%%%%%%%%%%%%%%%%%%%%%%%%%%%%%%%%%%%%%%%%%%%%%%%%%%%%%%%%%%%%%%

@online{noauthor_progressus_nodate,
	title = {PROGRESSUS},
	url = {https://progressus-ecsel.eu/},
	urldate = {2021-12-11},
	author = {PROGRESSUS-Ecsel},
	year = {2021}
}

@thesis{koese2022,
	title = {Optimierung von Ladestationen entlang eines Netzstrahls im
	Niederspannungsnetz mit Hilfe von linearer Programmierung},
	author = {Atilla Koese},
	date = {2022-02-14},
	institution = {Technische Hochschule Köln},
	type = {Bachelorarbeit},
}

@thesis{iserloh2021,
	title = {Einsatz eines MILP-Algorithmus auf einer ARM-Architektur 
	zwecks Optimierung der Energieversorgung},
	author = {Maximilian Iserloh},
	date = {2021-04-29},
	institution = {Technische Hochschule Köln},
	type = {Masterarbeit},
}